@article{BBCL,
  title={Communication Lower Bounds for Cryptographic Broadcast Protocols},
  author={Erica Blum and Elette Boyle and Ran Cohen and Chen-Da Liu-Zhang},
  journal={ArXiv},
  year={2023},
  volume={abs/2309.01466},
  url={https://api.semanticscholar.org/CorpusID:261531253}
}

@article{CPS,
  author       = {T.{-}H. Hubert Chan and
                  Rafael Pass and
                  Elaine Shi},
  editor       = {Aggelos Kiayias and
                  Markulf Kohlweiss and
                  Petros Wallden and
                  Vassilis Zikas},
  title        = {Sublinear-Round Byzantine Agreement Under Corrupt Majority},
  booktitle    = {Public-Key Cryptography - {PKC} 2020 - 23rd {IACR} International Conference
                  on Practice and Theory of Public-Key Cryptography, Edinburgh, UK,
                  May 4-7, 2020, Proceedings, Part {II}},
  series       = {Lecture Notes in Computer Science},
  volume       = {12111},
  pages        = {246--265},
  publisher    = {Springer},
  year         = {2020},
  url          = {https://doi.org/10.1007/978-3-030-45388-6\_9},
  doi          = {10.1007/978-3-030-45388-6\_9},
  timestamp    = {Mon, 26 Jun 2023 20:43:27 +0200},
  biburl       = {https://dblp.org/rec/conf/pkc/ChanPS20.bib},
  bibsource    = {dblp computer science bibliography, https://dblp.org}
}

@article{TLC,
      author = {Georgios Tsimos and Julian Loss and Charalampos Papamanthou},
      title = {Gossiping For Communication-Efficient Broadcast},
      howpublished = {Cryptology {ePrint} Archive, Paper 2020/894},
      year = {2020},
      url = {https://eprint.iacr.org/2020/894}
}

@article{WXSD,
author = {Wan, Jun and Xiao, Hanshen and Shi, Elaine and Devadas, Sahana},
year = {2020},
month = {12},
pages = {381-411},
title = {Expected Constant Round Byzantine Broadcast Under Dishonest Majority},
isbn = {978-3-030-64374-4},
doi = {10.1007/978-3-030-64375-114}
}


